@article{ionescu2019object,  author={R. T. {Ionescu} and F. S. {Khan} and M. {Georgescu} and L. {Shao}},  booktitle={2019 IEEE/CVF Conference on Computer Vision and Pattern Recognition (CVPR)},  title={Object-Centric Auto-Encoders and Dummy Anomalies for Abnormal Event Detection in Video},   year={2019},  volume={},  number={},  pages={7834-7843}}